@book{walpole_probability_2017,
	address = {Boston},
	edition = {Ninth edition},
	title = {Probability \& statistics for engineers \& scientists: {MyStatLab} update},
	isbn = {9780134115856},
	shorttitle = {Probability \& statistics for engineers \& scientists},
	publisher = {Pearson},
	editor = {Walpole, Ronald E. and Myers, Raymond H. and Myers, Sharon L. and Ye, Keying},
	year = {2017},
	keywords = {Engineering, Statistical methods, Probabilities},
}

@book{montgomery_applied_2014,
	address = {Hoboken, NJ},
	edition = {Sixth edition},
	title = {Applied statistics and probability for engineers},
	isbn = {9781118539712},
	abstract = {"This best-selling engineering statistics text provides a practical approach that is more oriented to engineering and the chemical and physical sciences than many similar texts. It is packed with unique problem sets that reflect realistic situations engineers will encounter in their working lives. This text shows how statistics, the science of data is just as important for engineers as the mechanical, electrical, and materials sciences"--},
	publisher = {John Wiley and Sons, Inc},
	author = {Montgomery, Douglas C. and Runger, George C.},
	year = {2014},
	keywords = {Statistics, Probabilities, TECHNOLOGY \& ENGINEERING / Industrial Engineering},
}




@book{baron_probability_2019,
	address = {Boca Raton},
	edition = {Third edition},
	title = {Probability and statistics for computer scientists},
	isbn = {9781138044487},
	publisher = {CRC Press, Taylor \& Francis Group},
	author = {Baron, Michael},
	year = {2019},
	keywords = {Probabilities, Textbooks, Mathematical statistics, Textbooks, Probabilities, Computer simulation, Textbooks, Mathematical statistics, Computer simulation, Textbooks},
}

@book{pishro-nik_introduction_2014,
	address = {Blue Bell, PA},
	title = {Introduction to probability, statistics, and random processes},
	isbn = {9780990637202},
	publisher = {Kappa Research, LLC},
	author = {Pishro-Nik, Hossein},
	year = {2014},
	keywords = {Probabilities, Statistics, Stochastic processes},
}



@book{navidi_statistics_2011,
	address = {New York},
	edition = {3rd ed},
	title = {Statistics for engineers and scientists},
	isbn = {9780073376332},
	publisher = {McGraw-Hill},
	author = {Navidi, William Cyrus},
	year = {2011},
	keywords = {Mathematical statistics, Simulation methods, Bootstrap (Statistics), Linear models (Statistics), Engineering, Statistical methods, Science, Statistical methods},
}
